%%%%%%%%%%%%%%%%%%%%%%%%%%%%%%%%%%%%%%%%%%%%%%%%%%%%%%%%%%%%%%%%%%%%%%%%%%%%%%%%%%%%%%%%%
%                                                                                       %    
%                                  biblatex Dokumentation                               %
%   https://ftp.tu-chemnitz.de/pub/tex/macros/latex/contrib/biblatex/doc/biblatex.pdf   %
%                                                                                       %
%%%%%%%%%%%%%%%%%%%%%%%%%%%%%%%%%%%%%%%%%%%%%%%%%%%%%%%%%%%%%%%%%%%%%%%%%%%%%%%%%%%%%%%%%


@book{KnutThea2009,
title = {The art of computer programming / Donald E. Knuth: Combinatorial algorithms Fasc. 1: Bitwise tricks \& techniques : binary decision diagrams},
author = {Donald Ervin Knuth},
publisher = {Addison-Wesley},
address = {Upper Saddle River, NJ [u.a.]},
year = {2009},
keywords = {Permutation},
ISBN = {0321580508},
}

@online{mf2006,
  title = {Was ist das Metaverse? – Einfach erklärt},
  url = {https://just-growth.com/was-ist-das-metaverse-einfach-erklaert/},
  urldate = {2022-07-21},
  Author = {Just-Growth},
  Month = {01},
  Year = {2022},
}

@online{mf2007,
  title = {Was ist das Metaverse},
  url = {https://cuterank.net/de/what-is-the-metaverse/},
  urldate = {2022-07-21},
  Author = {Ben Bailey},
  Language = {de},
  Month = {01},
  Year = {2022},
}

@online{mf2008,
  title = {Eskapismus: gefährlicher Trend oder eine dringend benötigte Pause von der Realität?},
  url = {https://blog.withings.com/de/2021/02/02/eskapismus-gefahrlicher-trend-oder-eine-dringend-benotigte-pause-von-der-realitat/},
  urldate = {2022-07-21},
  Author = {Withings},
  Language = {de},
  Month = {02},
  Year = {2021},
}

@online{mf2009,
  title = {Schöner leben im Metaverse? Der philosophische Stammtisch | Sternstunde Philosophie},
  url = {https://www.youtube.com/watch?v=mdL28hhFK-g},
  urldate = {2022-07-21},
  Author = {SRF Kultur},
  Language = {de},
  Month = {05},
  Year = {2022},
}

@online{mf2010,
  title = {Utopia - Silicon Valley},
  url = {https://www.zdf.de/nachrichten/digitales/silicon-valley-doku-claus-kleber-100.html},
  urldate = {2022-07-21},
  Author = {ZDF},
  Language = {de},
  Month = {07},
  Year = {2022},
}

@online{kafka2018,
  title = {Apache Kafka},
  url = {https://www.bigdata-insider.de/was-ist-apache-kafka-a-763300},
  urldate = {2023-01-20},
  Author = {Stefan Luber},
  Language = {en},
  Month = {02},
  Year = {2018},
}

@book{bi2021,
  title = {Business Intelligence},
  author = {Rimvydas Skyrius},
  publisher = {Springer Cham},
  year = {2021},
  keywords = {Business Intelligence},
  doi = {10.1007/978-3-030-67032-0},
}


